<?xml version="1.0" encoding="UTF-8"?><record xmlns="http://www.loc.gov/MARC21/slim" xmlns:cinclude="http://apache.org/cocoon/include/1.0" xmlns:zs="http://www.loc.gov/zing/srw/">
  <leader>00386nz  a2200133n  4500</leader>
  <controlfield tag="001">n 2011072148</controlfield>
  <controlfield tag="003">DLC</controlfield>
  <controlfield tag="005">20111015075059.0</controlfield>
  <controlfield tag="008">111014n| acannaabn          |n ana      </controlfield>
  <datafield tag="010" ind1=" " ind2=" ">
    <subfield code="a">n 2011072148</subfield>
  </datafield>
  <datafield tag="040" ind1=" " ind2=" ">
    <subfield code="a">DLC</subfield>
    <subfield code="b">eng</subfield>
    <subfield code="c">DLC</subfield>
  </datafield>
  <datafield tag="110" ind1="2" ind2=" ">
    <subfield code="a">Anabasis Films (Firm)</subfield>
  </datafield>
  <datafield tag="670" ind1=" " ind2=" ">
    <subfield code="a">Soldier of God, c2006:</subfield>
    <subfield code="b">credits (Anabasis Films presents)</subfield>
  </datafield>
  <datafield tag="670" ind1=" " ind2=" ">
    <subfield code="a">AllRovi WWW site, Oct. 14, 2011</subfield>
    <subfield code="b">(Anabasis Films)</subfield>
  </datafield>
</record>